<record><leader>00000cas a22000007a 4500</leader><controlfield tag="001">25387484</controlfield><controlfield tag="008">920304d185618uuncuwr ne      0    0eng d</controlfield><datafield ind1=" " ind2=" " tag="010"><subfield code="a">sn 92073950 </subfield></datafield><datafield ind1=" " ind2=" " tag="040"><subfield code="a">NVJ</subfield><subfield code="b">eng</subfield><subfield code="c">NVJ</subfield><subfield code="d">OCLCQ</subfield></datafield><datafield ind1=" " ind2=" " tag="042"><subfield code="a">msc</subfield></datafield><datafield ind1="0" ind2=" " tag="130"><subfield code="a">Southern sentinel (Wilson, N.C.)</subfield></datafield><datafield ind1="1" ind2="0" tag="245"><subfield code="a">Southern sentinel.</subfield></datafield><datafield ind1=" " ind2=" " tag="260"><subfield code="a">Wilson, N.C. :</subfield><subfield code="b">J.F. Keenan</subfield></datafield><datafield ind1=" " ind2=" " tag="300"><subfield code="a">v.</subfield></datafield><datafield ind1=" " ind2=" " tag="310"><subfield code="a">Weekly</subfield></datafield><datafield ind1="1" ind2=" " tag="362"><subfield code="a">Began in 1856.</subfield></datafield><datafield ind1=" " ind2=" " tag="588"><subfield code="a">Description based on: Vol. 1, no. 37 (Nov. 15, 1856).</subfield></datafield><datafield ind1=" " ind2=" " tag="752"><subfield code="a">United States</subfield><subfield code="b">North Carolina</subfield><subfield code="c">Wilson</subfield><subfield code="d">Wilson.</subfield></datafield></record>